%================
% example format
%================
@mastersthesis{zhengkaiqing1987,
  author     = {郑开青},
  title      = {通讯系统模拟及软件},
  address    = {北京},
  school     = {清华大学无线电系},
  year       = {1987}
}

@online{xiaoyu2001chubanye,
  author     = {萧钰},
  title      = {出版业信息化迈入快车道},
  citedate    = {2002-04-15},
  url        = {http://www.creader.com/news/20011219/200112190019.htm}
}

@book{zhukezhen1973,
  author     = {竺可桢},
  title      = {物理学论},
  address    = {北京},
  publisher  = {科学出版社},
  year       = {1973},
  pages      = {56--60}
}

@standard{jianduju1994,
  author     = {中华人民共和国国家技术监督局},
  title      = {GB3100-3102. 中华人民共和国国家标准-量与单位},
  address    = {北京},
  publisher  = {中国标准出版社},
  year       = {1994},
  key        = {zhong1 hua2 ren2 min2 gong4 he2 guo2},
}

@standard{biaozhunhua2002tushu,
  author     = {全国信息与文献工作标准化技术委员会出版物格式分委员会},
  title      = {GB/T 12450-2001 图书书名页},
  address    = {北京},
  publisher  = {中国标准出版社},
  year       = {2002},
  pages      = {1},
  key        = {quan2 guo2 xin4 xi1},
}

@incollection{baishunong1998zhiwu,
  author     = {白书农},
  title      = {植物开花研究},
  editor     = {李承森},
  booktitle  = {植物科学进展},
  address    = {北京},
  publisher  = {高等教育出版社},
  year       = {1998},
  pages      = {146--163},
  key        = {bai2 shu1 nong2},
}

@software{scitor2000project,
  author     = {{Scitor Corporation}},
  title      = {Project scheduler},
  address    = {Sunnyvale, Calif.},
  publisher  = {Scitor Corporation},
  year       = {1983},
  medium     = {DK},
}

@patent{jiangxizhou1980,
  author     = {姜锡洲},
  title      = {一种温热外敷药制备方案: 中国, 88105607.3},
  date       = {1980-07-26},
  key        = {jiang1 xi1 zhou1},
}

@inproceedings{ORB,
  title={{ORB}: An efficient alternative to {SIFT} or {SURF}},
  author={Rublee, Ethan and Rabaud, Vincent and Konolige, Kurt and Bradski, Gary},
  booktitle={International Conference on Computer Vision},
  pages={2564--2571},
  //organization={IEEE},
  year={2011}
}
@article{LSD,
  title={{LSD}: A fast line segment detector with a false detection control},
  author={Gioi, Rafael Grompone Von and Jakubowicz, Jeremie and Morel, Jean-Michel and Randall, Gregory},
  journal={IEEE Transactions on Pattern Analysis and Machine Intelligence},
  volume={32},
  number={4},
  pages={722--732},
  //publisher={IEEE},
  year={2008}
}
@article{ORB-SLAM2,
  title={{ORB-SLAM2}: An Open-Source {SLAM} System for Monocular, Stereo, and {RGB-D} Cameras},
  author={Mur-Artal, Raul and Tard{\'o}s, Juan D},
  journal={IEEE Transactions on Robotics},
  volume={33},
  number={5},
  pages={1255--1262},
  //publisher={IEEE},
  year={2017}
}

%=================
% tzz thesis refs
%=================

%
% english refs
%
@inproceedings{english1,
  title={UEFI secure boot in modern computer security solutions},
  author={Wilkins, Richard and Richardson, Brian},
  booktitle={UEFI Forum},
  year={2013}
}

@article{english2,
  title={Forensic signature for tracking storage devices: Analysis of UEFI firmware image, disk signature and windows artifacts},
  author={Jeong, Doowon and Lee, Sangjin},
  journal={Digital Investigation},
  volume={29},
  pages={21--27},
  year={2019},
  publisher={Elsevier}
}

@inproceedings{english3,
  title={Attacking UEFI boot script},
  author={Wojtczuk, Rafal and Kallenberg, Corey},
  booktitle={31st Chaos Communication Congress (31C3)},
  year={2014}
}

@patent{english4,
  title={System and method to secure boot both UEFI and legacy option ROM's with common policy engine},
  author={Zimmer, Vincent and Kumar, Mohan and Natu, Mahesh and Yao, Jiewen and Long, Qin and Cui, Liang},
  year={2014},
  month=apr # "~8",
  publisher={Google Patents},
  note={US Patent 8,694,761}
}

@inproceedings{english5,
  title={Attacks on UEFI security},
  author={Wojtczuk, Rafal and Kallenberg, Corey},
  booktitle={Proc. 15th Annu. CanSecWest Conf.(CanSecWest)},
  year={2015}
}

@patent{english6,
  title={System and method for managing and diagnosing a computing device equipped with unified extensible firmware interface (UEFI)-compliant firmware},
  author={Nicholes, Martin O},
  year={2016},
  month=oct # "~25",
  publisher={Google Patents},
  note={US Patent 9,477,848}
}

@patent{english7,
  title={Out-of-band (OOB) real-time inventory and configuration of original equipment manufacturer (OEM) devices using advanced configuration and power interface (ACPI) and unified extensible firmware interface (UEFI) services},
  author={Puthillathe, Chandrasekhar and Vidyadhara, Sumanth},
  year={2017},
  month=apr # "~4",
  publisher={Google Patents},
  note={US Patent 9,612,846}
}

@patent{english8,
  title={Secure boot administration in a Unified Extensible Firmware Interface (UEFI)-compliant computing device},
  author={Bobzin, Jeffery Jay},
  year={2015},
  month=apr # "~28",
  publisher={Google Patents},
  note={US Patent 9,021,244}
}

@patent{english9,
  title={System and method for verifying changes to UEFI authenticated variables},
  author={Lewis, Timothy Andrew},
  year={2017},
  month=may # "~23",
  publisher={Google Patents},
  note={US Patent 9,660,807}
}

@patent{english10,
  title={System and Method for Managing UEFI Secure Boot Certificates},
  author={Khatri, Mukund P and Liu, Wei and Rose, Charles E and Vidyadhara, Sumanth},
  year={2015},
  month=jul # "~9",
  publisher={Google Patents},
  note={US Patent App. 14/149,366}
}

@article{english11,
  title={Analysis and a case study of transparent computing implementation with UEFI},
  author={Ming, Wu},
  journal={International Journal of Cloud Computing},
  volume={1},
  number={4},
  pages={312--328},
  year={2012},
  publisher={Inderscience Publishers Ltd}
}

@patent{english12,
  title={Method for processing UEFI protocols and system therefor},
  author={Chaiken, Craig L and Downum, Steven A and Martinez, Ricardo L},
  year={2017},
  month=feb # "~14",
  publisher={Google Patents},
  note={US Patent 9,569,620}
}

@patent{english13,
  title={Unified extensible firmware interface (UEFI) driver and protocol},
  author={Berlin, Kimon and Tesser, Guilherme Antonio Anzilago and Pollo, Luis Fernando and Staub, Charles Ricardo and Fernandes, Cristiano and Silva, Benito},
  year={2017},
  month=jun # "~13",
  publisher={Google Patents},
  note={US Patent 9,678,767}
}

@article{english14,
  title={Unified extensible firmware interface (UEFI) and secure boot: Promise and pitfalls},
  author={Bricker, George},
  journal={Journal of Computing Sciences in Colleges},
  volume={29},
  number={1},
  pages={60--63},
  year={2013},
  publisher={Consortium for Computing Sciences in Colleges}
}

@inproceedings{english15,
  title={Design of Trusted BIOS in UEFI Base on USBKEY},
  author={Hu, Yin and Lv, Haoyong},
  booktitle={2011 International Conference on Intelligence Science and Information Engineering},
  pages={164--166},
  year={2011},
  organization={IEEE}
}

@book{english16,
  title={Harnessing the UEFI Shell: Moving the platform beyond DOS},
  author={Rothman, Michael and Zimmer, Vincent and Lewis, Tim},
  year={2017},
  publisher={Walter de Gruyter GmbH \& Co KG}
}

@article{english17,
  title={Take control of your PC with UEFI secure boot},
  author={Paul, Greig and Irvine, James},
  journal={Linux Journal},
  number={257},
  pages={58--72},
  year={2015}
}

@inproceedings{english18,
  title={Research of Disk Operating Technique in UEFI Shell Environment},
  author={Wu, Wei Min and Li, Shao Yong and Huang, Huan Kun and Chen, Wei De and Su, Qing},
  booktitle={Applied Mechanics and Materials},
  volume={263},
  pages={1888--1891},
  year={2013},
  organization={Trans Tech Publ}
}

@article{english19,
  title={Research on Domestic Computer BIOS Based on UEFI},
  author={ZHOU, Jie and XIE, Zhi-yong and YU, Han and WU, Rong-quan},
  journal={Computer Engineering},
  pages={S1},
  year={2011}
}

@book{english20,
  title={Beyond BIOS: developing with the unified extensible firmware interface},
  author={Zimmer, Vincent and Rothman, Michael and Marisetty, Suresh},
  year={2017},
  publisher={Walter de Gruyter GmbH \& Co KG}
}

@standard{english21,
  title={Platform Initialization Specification},
  organization={UEFI Forum},
  edition={1.6},
  volume={2},
  year={2017}
}

@standard{english22,
  title={Intelligent Platform Management Interface Specification Second Generation},
  edition={v20},
  organization={Intel,Hewlett-Packard,NEC,Dell},
  year={2013}
}

%
% chinese refs
%
@article{chinese1,
  title={基于 UEFI 的嵌入式驱动程序的开发研究},
  author={崔莹 and 辛晓晨 and 沈钢纲 [2},
  journal={计算机工程与设计},
  volume={31},
  number={10},
  pages={2384--2387},
  year={2010}
}

@phdthesis{chinese2,
  title={基于 UEFI BIOS 攻击方式的研究},
  author={何宛宛},
  address={北京},
  year={2014},
  school={北京工业大学}
}

@article{chinese3,
  title={基于 UEFI 固件的攻击验证技术研究},
  author={孙亮 and 陈小春 and 王冠 and 郑树剑},
  journal={信息安全与通信保密},
  volume={7},
  pages={89--93},
  year={2016}
}

@mastersthesis{chinese4,
  title={UEFI 固件文件系统安全更新体系研究与实现},
  author={孙璠},
  year={2015},
  school={北京工业大学}
}

@phdthesis{chinese5,
  title={基于 UEFI 的信任链设计及 TPM 驱动程序实现},
  author={刘东丽},
  year={2011},
  school={华中科技大学}
}

@phdthesis{chinese6,
  title={基于 UEFI 的 BIOS 信任链的研究},
  author={王冠 and 闰彩霞},
  year={2011}
}

@article{chinese7,
  title={基于 UEFI 的国产计算机平台 BIOS 研究},
  author={周洁 and 谢智勇 and 余涵 and 吴荣泉},
  journal={计算机工程},
  volume={1},
  year={2011}
}

@phdthesis{chinese8,
  title={UEFI BIOS 安全增强机制及完整性度量的研究},
  author={段晨辉},
  year={2014},
  school={北京工业大学}
}

@article{chinese9,
  title={UEFI Bootkit 模型与分析},
  author={唐文彬 and 陈熹 and 陈嘉勇 and 祝跃飞},
  journal={计算机科学},
  volume={39},
  number={10},
  pages={308--312},
  year={2012}
}

@mastersthesis{chinese10,
  title={基于 UEFI BIOS 的 EXT2 文件系统驱动的设计与实现},
  author={李梓实},
  year={2015},
  school={北京工业大学}
}

@mastersthesis{chinese11,
  title={基于固件文件系统的 UEFI 安全机制研究},
  author={房强},
  year={2016},
  school={电子科技大学}
}

@mastersthesis{chinese12,
  title={基于 UEFI 体系的虚拟 TPM 研究},
  author={朱东亮},
  year={2010},
  school={哈尔滨工程大学}
}

@article{chinese13,
  title={UEFI 的异常中断处理驱动的设计与实现},
  author={陈书仪},
  journal={华中科技大学},
  pages={1--z},
  year={2015},
  publisher={华中科技大学}
}

@mastersthesis{chinese13,
  title={基于不同处理器架构平台的 UEFI 系统的研究与移植},
  author={马骏},
  year={2014},
  school={北京工业大学}
}

@mastersthesis{chinese14,
  title={基于 UEFI 固件的安全性研究及恶意代码检测},
  author={刘文祺},
  year={2016},
  school={电子科技大学}
}

@article{chinese15,
  title={基于 UEFI 固件的攻击检测系统的设计与实现},
  author={周艺华 and 刘阳 and 王冠 and 孙亮},
  journal={Computer Science and Application},
  volume={7},
  pages={320},
  year={2017},
  publisher={中文学术期刊, 汉斯出版社, Hans Publishers}
}

@article{chinese16,
  title={基于 UEFI 的固件级硬盘安全保护机制},
  author={孙亮 and 陈小春},
  journal={武汉大学学报 (理学版)},
  volume={65},
  number={2},
  pages={223--228},
  year={2019}
}

@article{chinese17,
  title={基于 UEFI 固件的 BOOTKIT 检测技术研究},
  author={刘文祺 and 范明钰 and 田伟 and 王光卫},
  journal={电子科技大学学报},
  volume={47},
  number={6},
  pages={901--905},
  year={2018}
}

@article{chinese18,
  title={基于 UEFI 的操作系统内核完整性保护方法的研究与实现},
  author={安会},
  journal={北京工业大学},
  pages={1--z},
  year={2017},
  publisher={北京工业大学}
}

@article{chinese19,
  title={基于 UEFI 引导的 Windows 安装过程分析},
  author={刘云鹏 and 杨有 and 杨强},
  journal={电脑知识与技术},
  volume={19},
  year={2016}
}

@article{chinese20,
  title={UEFI 系统启动过程与设置研究},
  author={郭金龙 and 刘珍珍},
  journal={福建电脑},
  volume={4},
  year={2017}
}

@article{chinese21,
  title={UEFI 固件存储系统分析},
  author={吴伟民 and 吴辉 and 苏庆},
  journal={计算机工程与设计},
  volume={4},
  year={2017}
}

@mastersthesis{chinese22,
  title={UEFI 调试工具及调试信息获取的设计与实现},
  author={韩民},
  year={2014},
  school={北京工业大学}
}

@article{chinese23,
  title={在 UEFI 引导+ GPT 分区模式安装 Win10},
  author={金剑忠},
  journal={电脑知识与技术},
  volume={25},
  year={2016}
}

@article{chinese24,
  title={HyperSpector: 基于 UEFI 的 VMM 动态可信监控基的设计与实现},
  author={王锴 and 李志华 and 黄凡 and 严飞},
  journal={网络与信息安全学报},
  volume={2},
  number={12},
  pages={47--55},
  year={2016}
}

@article{chinese25,
  title={浅谈 BMC 管理系统在国产平台服务器中的应用},
  author={吴之光 and 耿士华 and others},
  journal={信息技术与信息化},
  number={2016 年 01},
  pages={51--53},
  year={2016},
  publisher={山东电子学会}
}

@mastersthesis{chinese26,
  title={基于 IPMI 的服务器管理系统的实现},
  author={王栩浩},
  year={2016},
  school={东华大学}
}

@article{chinese27,
  title={基于国产 BMC 的服务器安全启动技术研究与实现},
  author={苏振宇},
  journal={收藏},
  volume={9},
  year={2017}
}

@mastersthesis{chinese28,
  title={基于国产 BMC 的服务器安全启动技术研究与实现},
  author={王超},
  address={北京},
  school={北京工业大学},
  year={2019}
}

@mastersthesis{chinese29,
  title={基于 UEFI 的计算机远程可信启动研究与实现},
  author={王凯},
  address={北京},
  school={北京工业大学},
  year={2020}
}

@book{chinese30,
  title={Linux内核完全注释},
  author={赵炯},
  address={北京},
  publisher={机械工业出版社},
  year={2004},
  pages={76-89}
}

@book{chinese31,
  title={一个64位操作系统的设计与实现},
  author={田宇},
  address={北京},
  publisher={人民邮电出版社},
  year={2018},
  pages={516-554}
}

@book{chinese32,
  title={Linux内核设计与实现},
  author={Robert Love},
  translator={陈莉君，康华},
  address={北京},
  publisher={机械工业出版社},
  year={2011},
  pages={210-233}
}

@book{chinese33,
  title={UNIX操作系统设计},
  author={Maurice J.Bach},
  translator={陈葆钰，王旭，柳纯录，冯雪山},
  address={北京},
  publisher={人民邮电出版社},
  year={2019},
  pages={48-116}
}

@misc{chineses34,
  title={BMC寄存器手册},
  author={成都申威科技有限责任公司},
  address={成都市华府大道四段电子科大科技园 D22 栋},
  pages={4-7}
}